%--------------------------------------------------------------------%
% File ini berisi list Daftar Pustaka. Entry pustaka berikut dapat disitasi 
% kedalam badan dokumen menggunakan command \cite{label}
%
% NB: Daftar Pustaka hanya akan memunculkan entry yang disitasi 
% dalam badan dokumen. Jika tidak, maka tidak akan muncul
%--------------------------------------------------------------------%

@book{knuth2001art,
    title={The Art of Computer Programming: Fundamental Algorithms},
    author={Knuth, D.E.},
    number={v. 1},
    isbn={9780201896831},
    series={The Art of Computer Programming: Fundamental Algorithms},
    year={2001},
    publisher={Addison-Wesley}
}
@inproceedings{purwar2023credit,
  title={Credit card fraud detection using XGBoost for imbalanced data set},
  author={Purwar, Archana and Manju, Ms},
  booktitle={Proceedings of the 2023 Fifteenth International Conference on Contemporary Computing},
  pages={216--219},
  year={2023}
}

@article{albahli2024efficient,
  title={Efficient hyperparameter tuning for predicting student performance with Bayesian optimization},
  author={Albahli, Saleh},
  journal={Multimedia tools and applications},
  volume={83},
  number={17},
  pages={52711--52735},
  year={2024},
  publisher={Springer}
}

@INPROCEEDINGS{Vogels2006Am,
    author={W. Vogels},
    booktitle={2006 IEEE International Conference on Services Computing (SCC'06)},
    title={Web Services at Amazon.com},
    year={2006},
    pages={xxii-xxii},
    keywords={Distributed computing;Technological innovation;Web services},
    doi={10.1109/SCC.2006.116},
    month={Sept}
}
@article{Verma2024ExploringKX,
  title={Exploring Key XGBoost Hyperparameters: A Study on Optimal Search Spaces and Practical Recommendations for Regression and Classification},
  author={Vibhu Verma},
  journal={International Journal of All Research Education and Scientific Methods},
  year={2024},
  url={https://api.semanticscholar.org/CorpusID:274319663}
}
@article{chen2015xgboost,
  title={Xgboost: extreme gradient boosting},
  author={Chen, T},
  journal={R package version 0.4-2},
  volume={1},
  number={4},
  year={2015}
}
@inproceedings{chen2016xgboost,
  title={Xgboost: A scalable tree boosting system},
  author={Chen, Tianqi and Guestrin, Carlos},
  booktitle={Proceedings of the 22nd acm sigkdd international conference on knowledge discovery and data mining},
  pages={785--794},
  year={2016}
}


@misc{xgboost_parameter_documentation,
  title = {XGBoost Parameter Tuning},
  author = {XGBoost Developers},
  year = {2024},
  url = {https://xgboost.readthedocs.io/en/stable/parameter.html},
  note = {Accessed December 2, 2024}
}

@misc{merchantcostconsulting_2024,
  author = "Matt Rej",
  title = {Credit Card Fraud Statistics (2024)},
  publisher = {Merchant Cost Consulting},
  url = {https://merchantcostconsulting.com/lower-credit-card-processing-fees/credit-card-fraud-statistics/},
  year = {2024}
}
@misc{experian_2024,
  title = {Identity Theft Statistics},
  publisher = {Experian},
  url = {https://www.experian.com/blogs/ask-experian/identity-theft-statistics/},
  year = {2024}
}

@article{breiman1996bagging,
  title={Bagging predictors},
  author={Breiman, Leo},
  journal={Machine learning},
  volume={24},
  pages={123--140},
  year={1996},
  publisher={Springer}
}



@book{gonick1993cartoon,
  title={The cartoon guide to statistics},
  author={Gonick, Larry and Smith, Woollcott and Smith, Woollcott},
  year={1993},
  publisher={HarperPerennial New York}
}

@article{yeo2000new,
  title={A new family of power transformations to improve normality or symmetry},
  author={Yeo, In-Kwon and Johnson, Richard A},
  journal={Biometrika},
  volume={87},
  number={4},
  pages={954--959},
  year={2000},
  publisher={Oxford University Press}
}
@article{mckinney2024pandas,
  title={Pandas-Powerful python data analysis toolkit},
  author={McKinney, Wes and Team, PD},
  journal={Pandas—Powerful Python Data Analysis Toolkit},
  version={2.2.3},
  year={2024}
}

@article{suthaharan2016decision,
  title={Decision tree learning},
  author={Suthaharan, Shan and Suthaharan, Shan},
  journal={Machine Learning Models and Algorithms for Big Data Classification: Thinking with Examples for Effective Learning},
  pages={237--269},
  year={2016},
  publisher={Springer}
}


@inproceedings{rojas2012graphical,
  title={Graphical representation and exploratory visualization for decision trees in the KDD process},
  author={Rojas, Wilson Andr{\'e}s Castillo and Villegas, Claudio Meneses},
  booktitle={2012 XXXVIII Conferencia Latinoamericana En Informatica (CLEI)},
  pages={1--10},
  year={2012},
  organization={IEEE}
}

@article{song2015decision,
  title={Decision tree methods: applications for classification and prediction},
  author={Song, Yan-Yan and Ying, LU},
  journal={Shanghai archives of psychiatry},
  volume={27},
  number={2},
  pages={130},
  year={2015},
  publisher={Shanghai Mental Health Center}
}


@article{breiman2001random,
  title={Random forests},
  author={Breiman, Leo},
  journal={Machine learning},
  volume={45},
  pages={5--32},
  year={2001},
  publisher={Springer}
}

@article{box1964analysis,
  title={An analysis of transformations},
  author={Box, George EP and Cox, David R},
  journal={Journal of the Royal Statistical Society Series B: Statistical Methodology},
  volume={26},
  number={2},
  pages={211--243},
  year={1964},
  publisher={Oxford University Press}
}



@article{yang2020hyperparameter,
  title={On hyperparameter optimization of machine learning algorithms: Theory and practice},
  author={Yang, Li and Shami, Abdallah},
  journal={Neurocomputing},
  volume={415},
  pages={295--316},
  year={2020},
  publisher={Elsevier}
}
@article{smith2018disciplined,
  title={A disciplined approach to neural network hyper-parameters: Part 1--learning rate, batch size, momentum, and weight decay},
  author={Smith, Leslie N},
  journal={arXiv preprint arXiv:1803.09820},
  year={2018}
}

@article{zeiler2012adadelta,
  title={ADADELTA: an adaptive learning rate method},
  author={Zeiler, Matthew D},
  journal={arXiv preprint arXiv:1212.5701},
  year={2012}
}

@article{igiri2015effect,
  title={Effect of learning rate on artificial neural network in machine learning},
  author={Igiri, Chinwe Peace and Anyama, Oscar Uzoma and Silas, Abasiama Ita},
  year={2015},
  publisher={International Journal of Engineering Research \& Technology (IJERT)}
}


@article{ruder2016overview,
  title={An overview of gradient descent optimization algorithms},
  author={Ruder, Sebastian},
  journal={arXiv preprint arXiv:1609.04747},
  year={2016}
}


@inproceedings{hochreiter2001learning,
  title={Learning to learn using gradient descent},
  author={Hochreiter, Sepp and Younger, A Steven and Conwell, Peter R},
  booktitle={Artificial Neural Networks—ICANN 2001: International Conference Vienna, Austria, August 21--25, 2001 Proceedings 11},
  pages={87--94},
  year={2001},
  organization={Springer}
}


@article{bischl2023hyperparameter,
  title={Hyperparameter optimization: Foundations, algorithms, best practices, and open challenges},
  author={Bischl, Bernd and Binder, Martin and Lang, Michel and Pielok, Tobias and Richter, Jakob and Coors, Stefan and Thomas, Janek and Ullmann, Theresa and Becker, Marc and Boulesteix, Anne-Laure and others},
  journal={Wiley Interdisciplinary Reviews: Data Mining and Knowledge Discovery},
  volume={13},
  number={2},
  pages={e1484},
  year={2023},
  publisher={Wiley Online Library}
}

@article{krawczyk2016learning,
  title={Learning from imbalanced data: open challenges and future directions},
  author={Krawczyk, Bartosz},
  journal={Progress in artificial intelligence},
  volume={5},
  number={4},
  pages={221--232},
  year={2016},
  publisher={Springer}
}

@article{haixiang2017learning,
  title={Learning from class-imbalanced data: Review of methods and applications},
  author={Haixiang, Guo and Yijing, Li and Shang, Jennifer and Mingyun, Gu and Yuanyue, Huang and Bing, Gong},
  journal={Expert systems with applications},
  volume={73},
  pages={220--239},
  year={2017},
  publisher={Elsevier}
}


@misc{wooster1966credit,
  title={Credit card},
  author={Wooster, Earl V},
  year={1966},
  month=nov # "~8",
  publisher={Google Patents},
  note={US Patent 3,283,713}
}

@misc{flitcroft2009credit,
  title={Credit card system and method},
  author={Flitcroft, Daniel I and O'donnell, Graham},
  year={2009},
  month=jul # "~28",
  publisher={Google Patents},
  note={US Patent 7,567,934}
}
@misc{kumar2016method,
  title={Method for Providing Secured Card Transactions During Card Not Present (CNP) Transactions},
  author={Kumar, Gopesh},
  year={2016},
  month=nov # "~17",
  publisher={Google Patents},
  note={US Patent App. 14/717,735}
}

@book{dong2018feature,
  title={Feature engineering for machine learning and data analytics},
  author={Dong, Guozhu and Liu, Huan},
  year={2018},
  publisher={CRC press}
}




@book{alpaydin2021machine,
  title={Machine learning},
  author={Alpaydin, Ethem},
  year={2021},
  publisher={MIT press}
}

@article{fradkov2020early,
  title={Early history of machine learning},
  author={Fradkov, Alexander L},
  journal={IFAC-PapersOnLine},
  volume={53},
  number={2},
  pages={1385--1390},
  year={2020},
  publisher={Elsevier}
}

@article{jordan2015machine,
  title={Machine learning: Trends, perspectives, and prospects},
  author={Jordan, Michael I and Mitchell, Tom M},
  journal={Science},
  volume={349},
  number={6245},
  pages={255--260},
  year={2015},
  publisher={American Association for the Advancement of Science}
}




@article{asha2021credit,
  title={Credit card fraud detection using artificial neural network},
  author={Asha, RB and KR, Suresh Kumar},
  journal={Global Transitions Proceedings},
  volume={2},
  number={1},
  pages={35--41},
  year={2021},
  publisher={Elsevier}
}
@incollection{cunningham2008supervised,
  title={Supervised learning},
  author={Cunningham, P{\'a}draig and Cord, Matthieu and Delany, Sarah Jane},
  booktitle={Machine learning techniques for multimedia: case studies on organization and retrieval},
  pages={21--49},
  year={2008},
  publisher={Springer}
}



@article{dietterich2002ensemble,
  title={Ensemble learning},
  author={Dietterich, Thomas G and others},
  journal={The handbook of brain theory and neural networks},
  volume={2},
  number={1},
  pages={110--125},
  year={2002}
}


@article{mniai2023novel,
  title={A novel framework for credit card fraud detection},
  author={Mniai, Ayoub and Tarik, Mouna and Jebari, Khalid},
  journal={IEEE Access},
  year={2023},
  publisher={IEEE}
}


@misc{chase_jpmorgan_fraud_management,
  title = {Fraud Management in Commercial Cards: Proactive Vigilance and Collaboration Required},
  author = {Chase \& J.P. Morgan},
  year = {2016},
  publisher = {Chase Commercial Card}
}

@article{chaudhary2012review,
  title={A review of fraud detection techniques: Credit card},
  author={Chaudhary, Khyati and Yadav, Jyoti and Mallick, Bhawna},
  volume={45},
  number={1},
  pages={39--44},
  year={2012},
  publisher={International Journal of Computer Applications, 244 5 th Avenue,\# 1526}
}


@article{hendarsyah2020analisis,
  title={Analisis perilaku konsumen dan keamanan kartu kredit perbankan},
  author={Hendarsyah, Decky},
  journal={JPS (Jurnal Perbankan Syariah)},
  volume={1},
  number={1},
  pages={85--96},
  year={2020}
}


@article{setiawan2022perlindungan,
  title={Perlindungan Hukum Terhadap Pemegang Kartu Kredit Dalam Klausula Baku},
  author={Setiawan, Yudhi},
  journal={Commerce Law},
  volume={2},
  number={1},
  year={2022}
}



@article{west2016intelligent,
  title={Intelligent financial fraud detection: a comprehensive review},
  author={West, Jarrod and Bhattacharya, Maumita},
  journal={Computers \& security},
  volume={57},
  pages={47--66},
  year={2016},
  publisher={Elsevier}
}
@article{ngai2011application,
  title={The application of data mining techniques in financial fraud detection: A classification framework and an academic review of literature},
  author={Ngai, Eric WT and Hu, Yong and Wong, Yiu Hing and Chen, Yijun and Sun, Xin},
  journal={Decision support systems},
  volume={50},
  number={3},
  pages={559--569},
  year={2011},
  publisher={Elsevier}
}

@inproceedings{georgieva2019using,
  title={Using neural network for credit card fraud detection},
  author={Georgieva, Sevdalina and Markova, Maya and Pavlov, Velizar},
  booktitle={AIP Conference Proceedings},
  volume={2159},
  number={1},
  year={2019},
  organization={AIP Publishing}
}

@inproceedings{benchaji2019using,
  title={Using genetic algorithm to improve classification of imbalanced datasets for credit card fraud detection},
  author={Benchaji, Ibtissam and Douzi, Samira and El Ouahidi, Bouabid},
  booktitle={Smart Data and Computational Intelligence: Proceedings of the International Conference on Advanced Information Technology, Services and Systems (AIT2S-18) Held on October 17--18, 2018 in Mohammedia 3},
  pages={220--229},
  year={2019},
  organization={Springer}
}




@inproceedings{tayebi2021hyperparameter,
  title={Hyperparameter optimization using genetic algorithms to detect frauds transactions},
  author={Tayebi, Mohammed and El Kafhali, Said},
  booktitle={The International Conference on Artificial Intelligence and Computer Vision},
  pages={288--297},
  year={2021},
  organization={Springer}
}

@misc{WinNT,
  title = {Credit Card Fraud Detection},
  howpublished = {\url{ https://www.kaggle.com/mlg-ulb/creditcardfraud}},
  note = {Created: 2018-03-23},
  author={Machine Learning Group - ULB}
}

@article{seeja2014fraudminer,
  title={Fraudminer: A novel credit card fraud detection model based on frequent itemset mining},
  author={Seeja, KR and Zareapoor, Masoumeh},
  journal={The Scientific World Journal},
  volume={2014},
  number={1},
  pages={252797},
  year={2014},
  publisher={Wiley Online Library}
}

@INPROCEEDINGS{9121114,
  author={Sailusha, Ruttala and Gnaneswar, V. and Ramesh, R. and Rao, G. Ramakoteswara},
  booktitle={2020 4th International Conference on Intelligent Computing and Control Systems (ICICCS)}, 
  title={Credit Card Fraud Detection Using Machine Learning}, 
  year={2020},
  volume={},
  number={},
  pages={1264-1270},
  keywords={Machine learning algorithms;Forestry;Credit cards;Control systems;Electronic commerce;Random forests;credit card fraud;fraudulent activities;Random Forest;Adaboost;ROC curve},
  doi={10.1109/ICICCS48265.2020.9121114}}



@inproceedings{kumar2022credit,
  title={Credit card fraud detection using support vector machine},
  author={Kumar, Sheo and Gunjan, Vinit Kumar and Ansari, Mohd Dilshad and Pathak, Rashmi},
  booktitle={Proceedings of the 2nd International Conference on Recent Trends in Machine Learning, IoT, Smart Cities and Applications: ICMISC 2021},
  pages={27--37},
  year={2022},
  organization={Springer}
}
 
@article{gaikwad2014credit,
  title={Credit card fraud detection using decision tree induction algorithm},
  author={Gaikwad, Jyoti R and Deshmane, Amruta B and Somavanshi, Harshada V and Patil, Snehal V and Badgujar, Rinku A},
  journal={International Journal of Innovative Technology and Exploring Engineering (IJITEE)},
  volume={4},
  number={6},
  pages={2278--3075},
  year={2014},
  publisher={Citeseer}
}

@article{brandt2021comparative,
  title={A comparative review of SMOTE and ADASYN in imbalanced data classification},
  author={Brandt, Jakob and Lanz{\'e}n, Emil},
  year={2021}
}


@article{ningsih2022analisis,
  title={Analisis Sistem Pendeteksi Penipuan Transaksi Kartu Kredit dengan Algoritma Machine Learning},
  author={Ningsih, Putu Tirta Sari and Gusvarizon, Muhammad and Hermawan, Rudi},
  journal={Jurnal Teknologi Informatika dan Komputer},
  volume={8},
  number={2},
  pages={386--401},
  year={2022}
}
@inproceedings{dhankhad2018supervised,
  title={Supervised machine learning algorithms for credit card fraudulent transaction detection: a comparative study},
  author={Dhankhad, Sahil and Mohammed, Emad and Far, Behrouz},
  booktitle={2018 IEEE international conference on information reuse and integration (IRI)},
  pages={122--125},
  year={2018},
  organization={IEEE}
}
@article{khalid2024enhancing,
  title={Enhancing credit card fraud detection: an ensemble machine learning approach},
  author={Khalid, Abdul Rehman and Owoh, Nsikak and Uthmani, Omair and Ashawa, Moses and Osamor, Jude and Adejoh, John},
  journal={Big Data and Cognitive Computing},
  volume={8},
  number={1},
  pages={6},
  year={2024},
  publisher={MDPI}
}




@article{chawla2002smote,
  title={SMOTE: synthetic minority over-sampling technique},
  author={Chawla, Nitesh V and Bowyer, Kevin W and Hall, Lawrence O and Kegelmeyer, W Philip},
  journal={Journal of artificial intelligence research},
  volume={16},
  pages={321--357},
  year={2002}
}

@article{liu2004effect,
  title={The effect of oversampling and undersampling on classifying imbalanced text datasets},
  author={Liu, Alexander Yun-chung},
  year={2004},
  publisher={Citeseer}
}


@INPROCEEDINGS{4633969,
  author={Haibo He and Yang Bai and Garcia, Edwardo A. and Shutao Li},
  booktitle={2008 IEEE International Joint Conference on Neural Networks (IEEE World Congress on Computational Intelligence)}, 
  title={ADASYN: Adaptive synthetic sampling approach for imbalanced learning}, 
  year={2008},
  volume={},
  number={},
  pages={1322-1328},
  keywords={Classification algorithms;Decision trees;Algorithm design and analysis;Training data;Machine learning;Accuracy;Machine learning algorithms},
  doi={10.1109/IJCNN.2008.4633969}}


@book{leborgne2022fraud,
title={Reproducible Machine Learning for Credit Card Fraud Detection - Practical Handbook},
author={Le Borgne, Yann-A{\"e}l and Siblini, Wissam and Lebichot, Bertrand and Bontempi, Gianluca},
url={https://github.com/Fraud-Detection-Handbook/fraud-detection-handbook},
year={2022},
publisher={Universit{\'e} Libre de Bruxelles}
}
@article{chicco2020advantages,
  title={The advantages of the Matthews correlation coefficient (MCC) over F1 score and accuracy in binary classification evaluation},
  author={Chicco, Davide and Jurman, Giuseppe},
  journal={BMC genomics},
  volume={21},
  pages={1--13},
  year={2020},
  publisher={Springer}
}



@article{chicco2023matthews,
  title={The Matthews correlation coefficient (MCC) should replace the ROC AUC as the standard metric for assessing binary classification},
  author={Chicco, Davide and Jurman, Giuseppe},
  journal={BioData Mining},
  volume={16},
  number={1},
  pages={4},
  year={2023},
  publisher={Springer}
}
@inproceedings{dal2015calibrating,
  title={Calibrating probability with undersampling for unbalanced classification},
  author={Dal Pozzolo, Andrea and Caelen, Olivier and Johnson, Reid A and Bontempi, Gianluca},
  booktitle={2015 IEEE symposium series on computational intelligence},
  pages={159--166},
  year={2015},
  organization={IEEE}
}
